Reference when describing bitcoin implementation and the features of corresponding BC
@misc{SNakamoto:Bitcoin,
  author = {Satoshi Nakamoto},
  title = {Bitcoin: A peer-to-peer electronic cash system},
  year = {2008},
  howpublished = {\url{http://www.paybycashu.com/files/bitcoin.pdf}}
}

Patterns of tech adoption (train analogy, here tcp/ip)
@article{HBR:BC,
	author = {Marco Iansiti and Karim R. Lakhani},
	title = {The Truth About Blockchain},
	journal = {Harvard Business Review},
	year = {2017},
	note = {\url{https://hbr.org/2017/01/the-truth-about-blockchain}}
	}
	
pwc definition
@misc{pwc,
	title = {Blockchain and smart contract automation: Blockchains defined},
	author = {Alan Morrison},
	howpublished = {\url{http://www.pwc.com/us/en/technology-forecast/blockchain/definition.html}},
	year = {2016 (accessed 9 February 2017)}
	}
	
Same story, but also presents the diffs between some BCs
@misc{CS:BC,
	author = {Chris Skinner},
	title = {Blockchain is like the Internet before the Browser},
	howpublished = {\url{http://thefinanser.com/2016/07/blockchain-like-internet-browser.html/}},
	year = {2016 (accessed 5 Feburary 2017)}
	}

Key benefits of bitcoin, scarcity
@article{AG:Regulatory,
	author = {Andres Guadamuz and Chris Marsden},
	title = {Blockchains and Bitcoin: Regulatory responses to cryptocurrencies.},
	journal = {First Monday},
	volume = {20},
	number = {12},
	year = {2015}
}

bitshares tech stack
@misc{BS:tech,
	title = {BitShares Documentation},
	howpublished = {\url{http://docs.bitshares.eu/}},
	note = {BitShares},
	year = {2016 (accessed 5 February 2017)}
}

Bitshares technical paper
@article{BS:TP,
	title = {BitShares 2.0: Financial Smart Contract Platform},
	author = {Fabian Schuh and Daniel Larimer},
	journal = {BitShares},
	year = {2015},
	howpublished = {\url{https://bravenewcoin.com/assets/Whitepapers/bitshares-financial-platform.pdf}}
	}
	
Bitshares dpos
@misc{BS:DPOS,
	title = {Delegated Proof-of-Stake Consensus},
	howpublished = {\url{https://bitshares.org/technology/delegated-proof-of-stake-consensus/}},
	year = {2016 (accessed 8 February 2017)},
	note = {BitShares}
	}
	
Ripple docs
@misc{Ripple:docs,
	title = {Ripple Documentation - Development Center},
	howpublished = {\url{https://ripple.com/build/}},
	year = {2013-2017 (accessed 7 February 2017)},
	note = {Ripple}
	}
	
Ripple consensus protocol
@article{Ripple:CP,
  title={The Ripple protocol consensus algorithm},
  author={Schwartz, David and Youngs, Noah and Britto, Arthur},
  journal={Ripple Labs Inc White Paper},
  volume={5},
  year={2014},
  note = {\url{http://www.the-blockchain.com/docs/Ripple\%20Consensus\%20Whitepaper.pdf}}
}
	
Ripple whitepaper
@article{Ripple:TP,
	title = {Ripple Solutions Guide},
	year = {2016},
	journal = {Ripple Labs},
	note = {\url{https://ripple.com/files/ripple\_solutions\_guide.pdf}}
	}
	
Ripple ILP
@article{Ripple:ILP,
	title = {A Protocol for Interledger Payments},
	author = {Stefan Thomas and Evan Schwartz},
	year = {2015},
	journal = {Ripple Labs},
	note = {\url{https://bravenewcoin.com/assets/Whitepapers/A-Protocol-for-Interledger-Payments.pdf}}
	}

Jo lang
@article{JoLang,
	title = {R3 Review: Ripple Labs - Considerations for Adoption by Large Financial Institutions},
	author = {Jo Lang},
	journal = {R3CEV},
	year = {2015},
	note = {https://static1.squarespace.com/static/55f73743e4b051cfcc0b02cf/t/ 5664a9e2e4b058c26c21ea94/1449437666296/Ripple\_Paper\_Public.pdf}}
	}
	
corda docs
@misc{Corda:docs,
	title = {Corda Documentation},
	howpublished = {\url{https://docs.corda.net/index.html}},
	year = {2016 (accessed 6 February 2017)},
	note = {Corda}
	}
	
Corda Introductory paper
@article{Corda:IP,
	title = {Corda: An Introduction},
	author = {Richard Gendal Brown and James Carlyle and Ian Grigg and Mike Hearn},
	year = {2016},
	journal = {R3 CEV},
	note = {\url{https://docs.corda.net/\_static/corda-introductory-whitepaper.pdf}}
	}
	
Corda Technical Paper
@article{Corda:TP,
	title = {Corda: A distributed ledger},
	author = {Mike Hearn},
	year = {2016},
	journal = {R3 CEV},
	note = {https://docs.corda.net/\_static/corda-technical-whitepaper.pdf}}
	}

Corda codebase
@misc{Corda:code,
	title = {Corda codebase},
	howpublished = {\url{https://github.com/corda/corda}},
	year = {2016 (accessed 5 February 2017)},
	note = {R3 CEV}
	}

CorDapp template codebase
@misc{Corda:template,
	title = {CorDapp Template codebase},
	howpublished = {\url{https://github.com/corda/cordapp-template}},
	year = {2016 (accessed 5 Feburary 2017)},
	note = {R3 CEV}
	}

Proof of work, proof of stake
@misc{PWPS,
	title = {Alternatives to Proof of Work},
	author = {Ray Patterson},
	howpublished = {\url{https://bytecoin.org/blog/proof-of-stake-proof-of-work-comparison/}},
	year = {2015 (accessed 5 February 2017)}
	}
	
Proof of activity, proof of burn
@misc{PAPB,
	title = {Alternatives for Proof of Work, Part 2},
	author = {Ray Patterson},
	howpublished = {\url{https://bytecoin.org/blog/proof-of-activity-proof-of-burn-proof-of-capacity/}},
	year = {2015 (accessed 6 February 2017)}
	}

Some scalability discussions
@misc{Scalability,
	title = {Scalability},
	howpublished = {\url{https://en.bitcoin.it/wiki/Scalability}},
	year = {2016 (accessed 5 February 2017)}
	}
	
Stellar
@misc{Stellar:docs,
	title = {Stellar Documentation},
	howpublished = {\url{https://www.stellar.org/developers/}},
	year = {2017 (accessed 5 February 2017)},
	note = {Stellar}
	}

Stellar TP
@article{Stellar:TP,
	title = {The Stellar Consensus Protocol: A Federated Model for Internet-level Consensus},
	author = {David Mazieres},
	journal = {Stellar Development Foundation},
	year = {2016},
	note = {\url{https://www.stellar.org/papers/stellar-consensus-protocol.pdf}}
	}
	
Cost of Clearing
@misc{Clearing:cost,
	title = {The Blockchain and Financial Markets},
	author = {Philip Stafford},
	howpublished = {\url{https://www.ft.com/content/454be1c8-2577-11e5-9c4e-a775d2b173ca}},
	year = {2015 (accessed 6 February 2017)}
	}
	
Financial assets
@misc{FA,
	title = {Financial Instruments},
	howpublished = {\url{http://www.investopedia.com/terms/f/financialinstrument.asp}},
	year = {accessed 6 February 2017}
	}
	
Clearinghouse
@misc{clearinghouse,
	title = {Clearing House},
	howpublished = {\url{http://www.investopedia.com/terms/c/clearinghouse.asp}},
	year = {accessed 28 May 2017}
	}
	
@article{whatclearing,
	title = {What is clearing?},
	note = {\url{https://euroccp.com/qa/clearing-ccps/what-clearing}},
	journal = {EuroCCP},
	year = {accessed 28 May 2017}
	}
	
@article{whatclearing2,
	title = {What does a CCP do? What are the pros and cons?},
	journal = {International Capital Market Association},
	note = {\url{http://www.icmagroup.org/Regulatory-Policy-and-Market-Practice/repo-and-collateral-markets/frequently-asked-questions-on-repo/27-what-does-a-ccp-do-what-are-the-pros-and-cons/}},
	year = {accessed 28 May 2017}
	}
	
@Article{DLTclearing,
	title = {Distributed ledger technologies in securities post-trading},
	author = {Andrea Pinna and Wiebe Ruttenberg},
	journal = {European Central Bank},
	note = {\url{https://www.ecb.europa.eu/pub/pdf/scpops/ecbop172.en.pdf}},
	year = {2016}
}
	
Security
@misc{Security,
	title = {Security},
	howpublished = {\url{http://www.investopedia.com/terms/s/security.asp}},
	year = {accessed 6 Feburary 2017}
	}
	
T+3 times
@misc{TTimes,
	title = {What do T+1, T+2 and T+3 mean?},
	howpublished = {\url{http://www.investopedia.com/ask/answers/03/061303.asp}},
	year = {accessed 6 February 2017}
	}
	
Life cycle
@misc{TradeCycle,
	title = {Trade Life Cycle/Securities trade life cycle},
	author = {Gautam Athavale},
	howpublished = {\url{http://thisweekfinance.blogspot.co.uk/2011/10/trade-life-cycle.html}},
	year = {2011 (accessed 6 February 2017)}
	}
	
@misc{TradeCycle2,
	title = {Understanding the securities trade lifecycle},
	howpublished = {\url{http://www.finmarketguru.com/understanding-the-trade-lifecycle/}},
	year = {2016 (accessed 6 February 2017)}
	}
	
Clearing Houses risk
@misc{CHRisk,
	title = {Clearing Arrangements for Exchange-Traded Derivatives},
	howpublished = {\url{http://ifci.ch/138700.htm}},
	year = {accessed 6 February 2017}
	}
	
Internal audit
@misc{GS:Audit,
	title = {Internal Audit},
	howpublished = {\url{http://www.goldmansachs.com/careers/why-goldman-sachs/our-divisions/internal-audit/}},
	year = {2017 (accessed 6 February 2017)}
	}
	
RTGS
@techreport{RTGS,
	title = {Real-Time Gross Settlement Systems},
	institution = {Committee on Payment and Settlement Systems of the central banks of the Group of Ten countries},
	year = {1997}
	}
	
TARGET2
@techreport{TARGET2,
	title = {TARGET Annual Report},
	institution = {European Central Bank},
	year = {2016},
	note = {\url{https://www.ecb.europa.eu/pub/pdf/other/targetar2015.en.pdf}}
	}

Italian banks
@article{Italy:networks,
	title = {The role of local banks' network in the modern banking system: An Italian case study},
	author = {M. Modina and V. Formisano},
	year = {2009},
	journal = {University of Molise, University of Cassino}
	}
	
Fungibility
@misc{BC:Fungibility,
	title = {Ensuring Bitcoin Fungibility in 2017 (And Beyond)},
	howpublished = {\url{http://www.coindesk.com/ensuring-bitcoin-fungibility-in-2017-and-beyond/}},
	year = {2017 (accessed 6 February 2017)}
	}
	
Banking slow devs
@misc{slow,
	title = {UK banking industry slow to react to digital developments},
	howpublished = {\url{http://www.europeanceo.com/finance/uk-banking-industry-slow-to-react-to-digital-developments/}},
	year = {2014 (accessed 9 February 2017)}
	}
	
CMM Research Note
@techreport{CMM:RN,
	title = {The Internet of Finance: Unleashing the Potential of Blockchain Technology},
	author = {Dennis Ferenzy et al},
	institution = {Institute of International Finance},
	year = {2015}
	}
	
Chinese
@article{Chinese,
	title = {A System View of Financial Blockchains},
	author = {Wei-Tek Tsai and Robert Blower et al},
	journal = {IEEE Symposium on Service-Oriented System Engineering},
	year = {2016}
	}
	
Bitcoin cap
@misc{BC:UB,
	title = {Controlled Supply of Bitcoin},
	howpublished = {\url{https://en.bitcoin.it/wiki/Controlled_supply}},
	year = {2016 (accessed 6 February 2017)}
	}
	
Proof of Work
@misc{PoW,
	title = {The Proof-of-Work in Cryptocurrencies: Brief History.},
	author = {Ray Patterson},
	year = {2015 (accessed 6 February 2017)},
	howpublished = {\url{https://bytecoin.org/blog/proof-of-work/}}
	}

	
Bitcoin market cap
@misc{BC:MC,
	title = {Crypto-currencies Market Capitalizations},
	howpublished = {\url{https://coinmarketcap.com/}},
	year = {2017 (accessed 7 February 2017)}
	}
	
BigchainDB
@article{DBC,
	title = {BigchainDB: A Scalable Blockchain Database},
	author = {Trent McConaghy et al},
	year = {2016},
	journal = {BigchainDB}
	}
	
Sewer
@misc{Sewer,
	title = {Bitcoin is the Sewer Rat of Currencies},
	howpublished = {\url{https://medium.com/institute-for-the-future/bitcoin-is-the-sewer-rat-of-currencies-b89819cdf036}},
	year = {2016 (accessed 8 February 2017)}
	}

gov chief adviser
	
@article{GOVReq,
  title={Distributed Ledger Technology: Beyond Blockchain},
  author={M. Walport},
  journal={UK Government Office for Science},
  year={2016}
}

visa stress test
@misc{visa,
	title = {56,582 transaction messages per second!},
	publisher = {Visa / IBM Stress Test},
	year = {2014},
	howpublished = {\url{http://visatechmatters.tumblr.com/post/108952718025/56582-transaction-messages-per-second}}
	}
	
@misc{bankrisk,
	title = {Big banks' legacy IT systems could kill them},
	author = {Karl Flinders},
	year = {2014},
	howpublished = {\url{http://www.computerweekly.com/news/2240212567/Big-banks-legacy-IT-systems-could-kill-them}}
	}
	
@misc{humanrisk,
  title={Consideration of Human Errors in Risk Management},
  author={Bertrand Dayer},
  year={2006}
	}
	
raft
@article{raft,
  title={In Search of an Understandable Consensus Algorithm.},
  author={Ongaro et al},
  journal={USENIX Annual Technical Conference},
  pages={305--319},
  year={2014}
}

flash crash
@article{flashcrash,
	title = {The sterling ‘flash event’ of 7 October 2016},
	author = {Bank for International Settlements},
	year = {2017},
	journal = {The Markets Committee},
	note = {\url{https://www.bis.org/publ/mktc09.pdf}}
	}
	
dig finance
@misc{digitalfinance,
	title = {Ten developments in digital finance},
	author = {Emma Dunkley},
	year = {2015},
	howpublished = {\url{https://www.ft.com/content/b679edf2-8a2d-11e5-90de-f44762bf9896}}
	}
	
euro clearing
@misc{euroclearing,
	title = {London losing a €930 billion daily business after Brexit would massively hurt Europe},
	author = {Lianna Brinded},
	year = {2017},
	howpublished = {\url{http://uk.businessinsider.com/london-losing-euro-clearing-brexit-2017-5}}
	}
	
@article{CHsuperold,
 ISSN = {00323195},
 URL = {http://www.jstor.org/stable/2139644},
 author = {Alexander D. Noyes},
 journal = {Political Science Quarterly},
 number = {2},
 pages = {252-267},
 publisher = {[Academy of Political Science, Wiley]},
 title = {Stock Exchange Clearing Houses},
 volume = {8},
 year = {1893}
}

@article{newTimes,
	title = {Introduction of T+2 standard settlement period},
	author = {Denzil Jenkins},
	journal = {London Stock Exchange},
	year = {2013},
	howpublished = {\url{http://www.londonstockexchange.com/traders-and-brokers/rules-regulations/change-and-updates/stock-exchange-notices/2013/n1413.pdf}}
	}

@article{newTimesUS,
	title = {SEC Adopts T+2 Settlement Cycle for Securities Transactions},
	journal = {U.S. Securities and Exchange Commission},
	year = {2017},
	howpublished = {\url{https://www.sec.gov/news/press-release/2017-68-0}}
	}

@misc{emir,
	title = {EMIR – the obligation to clear and margin OTC derivative trades},
	howpublished = {\url{https://www.fca.org.uk/publication/documents/emir-obligation-clear-margin-otc-derivative-trades.pdf}},
	author = {Tom Springbett},
	publisher = {Financial Conduct Authority},
	year = {2015}
	}
	
@misc{etdclearing,
	title = {Clearing arrangements for exchange-traded derivatives},
	howpublished = {\url{http://www.bis.org/cpmi/publ/d23a.htm}},
	author = {William J. McDonough},
	publisher = {Bank for International Settlements},
	year = {1997}
	}
	
@misc{yahoo,
	title = {Yahoo! Finance},
	howpublished = {\url{https://uk.finance.yahoo.com/}},
	year = {2017 (accessed 29 May 2017)}
	}
	
@misc{settledate,
	title = {Settlement Date and Freeriding},
	howpublished = {\url{https://www.capitaloneinvesting.com/main/help/topic.aspx?CategoryCode=CTRDSTLFRE}},
	year = {2017 (accessed 29 May 2017)},
	publisher = {Capital One Investing}
	}

@misc{settledate2,
	title = {I just bought a security in my cash account. How soon can I sell it?},
	howpublished = {\url{https://www.ally.com/investing/trading/i-just-bought-a-security-in-my-cash-account-how-soon-can-i-sell-it/}},
	year = {2017 (accessed 29 May 2017)},
	publisher = {Ally Financial Inc.}
	}
	
@Article{sia,
	title = {T+1 Business Case: Final Report},
	journal = {SIA},
	howpublished = {\url{http://archives2.sifma.org/stp/pdf/BusinessCaseFinal.pdf}},
	year = {2000}
	}

@misc{oldletter,
	title = {Office of the Chairman: Letter to Industry, Regarding T + 1},
	howpublished = {\url{https://www.sec.gov/rules/other/levltrt1.htm}},
	author = {Arthur Levitt},
	year = {2001},
	publisher = {U.S. Securities and Exchange Commission}
	}
	
@misc{dtcc,
	title = {DTCC Recommends Shortening the U.S. Trade Settlement Cycle},
	publisher = {Depository Trust & Clearing Corporation},
	year = {2014},
	howpublished = {\url{www.dtcc.com/~/media/Files/Downloads/WhitePapers/T2-Shortened-Cycle-WP.pdf}}
	}

@misc{bcg,
	title = {Cost Benefit Analysis of Shortening the Settlement Cycle},
	author = {Chandy Chandrashekhar et al},
	howpublished = {\url{https://www.bcgperspectives.com/content/articles/financial_institutions_information_technology_performance_cost_benefit_analysis_shortening_settlement_cycle/}},
	note = {Boston Consulting Group},
	year = {2012}
	}
	
@misc{exchsettle,
	title = {Clearing and settlement of exchange traded derivatives},
	author = {John W. McPartland},
	organisation = {Financial Markets Group},
	publisher = {The Federal Reserve Bank of Chicago},
	year = {2009},
	howpublished = {\url{https://www.chicagofed.org/~/media/publications/chicago-fed-letter/2009/cfloctober2009-267-pdf.pdf}}
	}
	
@misc{mike,
	title = {CO 350 Business Plan},
	author = {Michael Carneciu et al},
	note = {Imperial College London},
	year = {2017}
	}

@misc{blockchain,
	title = {Blockchain},
	howpublished = {\url{https://www.blockchain.com/}},
	year = {2017 (accessed 29 May 2017)}
	}
	
@misc{ESMA,
	title = {ESMA assesses usefulness of distributed ledger technologies},
	howpublished = {\url{https://www.esma.europa.eu/press-news/esma-news/esma-assesses-usefulness-distributed-ledger-technologies}},
	note = {European Securities and Markets Authority},
	year = {2016}
	}
	
@misc{default,
	title = {Default},
	howpublished = {\url{http://www.investopedia.com/terms/d/default2.asp}},
	note = {Investopedia},
	year = {2017 (accessed 30 May 2017)}
	}
	
@misc{marginACCT,
	title = {Understanding Margin accounts},
	note = {Securities and Exchange Commission},
	howpublished = {\url{https://www.sec.gov/investor/alerts/ib_marginaccounts.pdf}},
	year = {2013}
	}
	
@misc{marginEXP,
	title = {How do high frequency traders make so many trades with a three day settlement period?},
	author = {Alex Novak},
	year = {2016},
	howpublished = {\url{https://www.quora.com/How-do-high-frequency-traders-make-so-many-trades-with-a-three-day-settlement-period}}
	}
	
@article{mifid2,
	title = {Regulating high frequency trading},
	author = {Martin Wheatley},
	note = {\url{https://www.fca.org.uk/news/speeches/regulating-high-frequency-trading}},
	annote = {Financial Conduct Authority},
	year = {2014},
	journal = {Global Exchange and Brokerage Conference}
	}
	
@misc{transparency,
	title = {ESMA Regulation - MiFID II/MiFIR - Transparency and Reporting Requirements},
	howpublished = {\url{http://www.marketswiki.com/wiki/MiFID_II}},
	year = {2015},
	note = {Markets Reform Wiki}
	}
	
@article{mifid2off,
	title = {Directive 2014/65/EU of the European Parliament and of the Council},
	journal = {Official Journal of the European Union},
	year = {2014},
	note = {\url{http://eur-lex.europa.eu/legal-content/EN/TXT/HTML/?uri=CELEX\:32014L0065\&from=EN}}
	}
	
@misc{bitcoindominance,
	title = {Bitcoin Dominance Drops Below 50\% as Ripple’s {XRP} Market Cap Tops \$11 Billion},
	author = {Avi Mizrahi},
	year = {2017},
	note = {Finance Magnates},
	howpublished = {\url{https://www.financemagnates.com/cryptocurrency/trading/bitcoin-dominance-drops-50-ripples-xrp-market-cap-tops-11-billion/}}
	}
	
@misc{ethblog,
	title = {FAQ: Upcoming Ethereum Hard Fork},
	author = {Hudson Jameson},
	year = {2016},
	note = {Ethereum Blog},
	howpublished = {\url{https://blog.ethereum.org/2016/10/18/faq-upcoming-ethereum-hard-fork/}}
	}
	
@misc{ethoped,
	title = {Op Ed: Why Ethereum’s Hard Fork Will Cause Problems in the Coming Year},
	author = {Kathleen Breitman},
	year = {2016},
	note = {Bitcoin Magazine},
	howpublished = {\url{https://bitcoinmagazine.com/articles/op-ed-why-ethereums-hard-fork-will-cause-problems-coming-year/}}
	}

@misc{ethhf,
	title = {OMG, Ethereum Is So Hard Forked},
	author = {Joseph Lubin},
	year = {2016},
	howpublished = {\url{https://blockgeeks.com/omg-ethereum-hard-forked/}},
	note = {Blockgeeks}
	}
	
@misc{cordainv,
	title = {R3 secures largest ever investment for distributed ledger technology with USD 107 million from over 40 institutions},
	author = {Joel Dudley},
	year = {2017},
	howpublished = {\url{https://www.corda.net/2017/05/r3-secures-largest-ever-investment-distributed-ledger-technology-usd-107-million-40-institutions/}},
	note = {Corda}
	}

@misc{cordaops,
	title = {R3 Blockchain Opens to All},
	author = {Robert Hackett},
	year = {2016},
	howpublished = {\url{http://fortune.com/2016/11/30/r3-open-source-blockchain-corda/}},
	note = {Fortune}
	}
	
@misc{fig:design,
	title = {Corda network topology},
	author = {Jose Coll},
	note = {Corda},
	year = {2017},
	howpublished = {\url{https://cdn-standard2.discourse.org/uploads/corda/original/1X/ab5a8506ecd170e1048159324e8e1eb4db8d3e33.png}}
	}
	
@misc{amlctf,
	title = {Anti-money laundering and counter terrorist finance supervision report 2012-13 - updated 26 May 2016},
	author = {HM Treasury},
	year = {2016 (accessed 2 June 2017)},
	note = {UK Government},
	howpublished = {\url{https://www.gov.uk/government/publications/anti-money-laundering-and-counter-terrorist-finance-supervision-reports/anti-money-laundering-and-counter-terrorist-finance-supervision-report-2012-13}}
	}
	
@misc{jira,
	title = {Raft notary load testing},
	author = {Andrius Dagys},
	note = {Corda},
	howpublished = {\url{https://r3-cev.atlassian.net/browse/CORDA-14}},
	year = {2017 (accessed 6 June 2017)}
	}
	
@article{bftsmart,
	title = {{State Machine Replication for the Masses with BFT-SMART}},
	author = {Alysson Bessani and João Sousa and Eduardo E. P. Alchieri},
	journal = {Faculdade de Ciências, Universidade de Lisboa},
	year = {2014},
	note = {\url{http://www.di.fc.ul.pt/~bessani/publications/dsn14-bftsmart.pdf}}
	}
	
@misc{banlg,
	title = {Verification of Security Protocols},
	author = {Christian Haack},
	note = {Radboud University},
	howpublished = {\url{http://cs.ru.nl/~chaack/teaching/2IF02-Spring08/chapter06-print.pdf}}
	}
	
@misc{attack,
	title = {What if notary is attacked?},
	author = {Joel Dudley and Richard Brown},
	note = {Corda Discussions},
	howpublished = {\url{https://discourse.corda.net/t/what-if-notary-is-attacked/548/2}},
	year = {2016 (accessed 9 June 2017)}
	}
	
@misc{tumblebit,
	title = {New System Makes It Harder to Track Bitcoin Transactions},
	author = {Alessandra Scafuro and Matt Shipman},
	note = {NC State University},
	howpublished = {\url{https://news.ncsu.edu/2017/02/tumblebit-bitcoin-2017/}},
	year = {2017 (accessed 12 June 2017)}
	}

@misc{markc,
	title = {Building the Infrastructure to Realise FinTech’s Promise},
	author = {Mark Carney},
	howpublished = {\url{http://www.bankofengland.co.uk/publications/Documents/speeches/2017/speech974.pdf}},
	note = {International FinTech Conference 2017},
	year = {2017 (accessed 12 June 2017)}
	}

@misc{digcash,
	title = {Digital Cash - Why Central Banks Should Start Issuing Electronic Money},
	author = {Ben Dyson and Graham Hodgson},
	howpublished = {\url{http://positivemoney.org/wp-content/uploads/2016/01/Digital\_Cash\_WebPrintReady_20160113.pdf}},
	note = {Positive Money},
	year = {2016 (accessed 12 June 2017)}
	}
	
@misc{centralbanks,
	title = {Behind on Blockchain? Central Banks Are Catching Up Quick},
	author = {Noelle Acheson},
	howpublished = {\url{http://www.coindesk.com/behind-blockchain-central-banks-catching-quick/}},
	year = {2017 (accessed 12 June 2017)},
	note = {Coin Desk}
	}
	
@misc{first,
	title = {Blockchain Transaction Information},
	author = {Blockchain},
	howpublished = {\url{https://blockchain.info/tx/7dff938918f07619abd38e4510890396b1cef4fbeca154fb7aafba8843295ea2}},
	year = {2009 (accessed 12 June 2017)}
	}

@misc{voxbubble,
	title = {Bitcoin's price keeps breaking records. Here's what's driving its growth.},
	author = {Timothy B. Lee},
	year = {2017 (accessed 12 June 2017)},
	howpublished = {\url{https://www.vox.com/new-money/2017/5/26/15687062/bitcoin-bubble-explained}},
	note = {Vox}
	}

@misc{bubble,
	title = {What if the bitcoin bubble bursts?},
	howpublished = {\url{http://www.economist.com/news/leaders/21722841-latest-frenzy-tulipmania-gold-rush-or-dotcom-boom-what-if-bitcoin-bubble}},
	year = {2017 (accessed 12 June 2017)},
	note = {The Economist}
	}
	
@misc{nodestruct,
	title = {The network - network services},
	author = {Jose Coll},
	howpublished = {\url{https://docs.corda.net/key-concepts-ecosystem.html}},
	year = {2017 (accessed 12 June 2017)},
	note = {R3 CEV}
	}